@book{Germain-62,
	address = {{Paris}},
	publisher = {{Masson}},
	author = {Germain, P.},
	title = {{Mécanique des Milieux Continus}},
	year = {{1962}},
}

@book{Germain-73,
	address = {{Paris}},
	publisher = {{Masson}},
	author = {Germain, P.},
	title = {{Cours de Mécanique des Milieux Continus, Tome 1: Théorie Générale}},
	year = {{1973}},
}

@book{Mandel-66,
	address = {{Paris}},
	publisher = {{Gauthier-Villars}},
	author = {Mandel, J.},
	title = {{Cours de Mécanique des Milieux Continus, tomes 1 et 2}},
	year = {{1966}},
}

@book{Mandel-74,
	address = {{Varsovie}},
	publisher = {{P.W.N.}},
	author = {Mandel, J.},
	title = {{Introduction à la Mécanique des Milieux Continus Déformables}},
	year = {{1974}},
}

@book{Gontier-69,
	address = {{Paris}},
	publisher = {{Dunod}},
	author = {Gontier, G.},
	title = {{Mécanique des Milieux Déformables}},
	year = {{1969}},
}

@book{Roy-66,
	address = {{Paris}},
	publisher = {{Dunod}},
	author = {Roy, M.},
	title = {{Mécanique, tome II: Milieux Continus}},
	year = {{1966}},
}

@book{Sedov-71,
	address = {{Groningen}},
	publisher = {{Walters Noordhoff}},
	author = {Sedov, L. I.},
	title = {{A course in continuum mechanics, tomes I, II, III, IV}},
	year = {{1971}},
}

@book{Eringen-67,
	address = {{New York}},
	publisher = {{J. Wiley \& Sons}},
	author = {Eringen, A. C.},
	title = {{Mechanics of Continua}},
	year = {{1967}},
}

@book{Prager-61,
	address = {{New York}},
	publisher = {{Ginn and Co}},
	author = {Prager, W.},
	title = {{Introduction to Mechanics of Continua}},
	year = {{1961}},
}

@book{Lai-78,
	address = {{Oxford}},
	publisher = {{Pergamon}},
	author = {Lai, W. M. and Rubin, D. and Krempl, E.},
	title = {{Introduction to continuum mechanics}},
	year = {{1978}},
}

@book{Truesdell-60,
	address = {{Berlin}},
	publisher = {{Springer}},
	series = {{Handbuch der Physik, Bd III/1}},
	author = {Truesdell, C. A. and Toupin, R.},
	title = {{The classical field theories}},
	year = {{1960}},
}

@book{Truesdell-65,
	address = {{Berlin}},
	publisher = {{Springer}},
	series = {{Handbuch der Physik, Bd III/3}},
	author = {Truesdell, C. A. and Noll, W.},
	title = {{The non linear field theories of mechanics}},
	year = {{1965}},
}

@book{Solomon,
	address = {{Paris}},
	publisher = {{Masson}},
	author = {Solomon, L.},
	title = {{Élasticité linéaire}},
	year = {{1968}},
}

@book{Timoshenko-61,
	address = {{Paris}},
	publisher = {{Béranger}},
	author = {Timoshenko, S. and Goodier, J.},
	title = {{Théorie de l'élasticité}},
	year = {{1961}},
}

@book{Duc-76,
	address = {{Toulouse}},
	publisher = {{Cepadues}},
	author = {Duc, J. and Beller, D.},
	title = {{Mécanique des solides réels. Élasticité}},
	year = {{1976}},
}

@book{Duc-76b,
	address = {{Toulouse}},
	publisher = {{Cepadues}},
	author = {Duc, J. and Bellet, D.},
	title = {{Problèmes d'élasticité}},
	year = {{1976}},
}

@book{Love-44,
	address = {{London}},
	publisher = {{Dover}},
	author = {Love, A.},
	title = {{Mathematical theory of elasticity}},
	year = {{1944}},
}

@book{Landau-67,
	publisher = {{Ed. de Moscou}},
	author = {Landau, L. D. and Lifschitz, E. M.},
	title = {{Théorie de l'élasticité, Cours de Physique théorique, tome VII}},
	year = {{1967}},
}

@book{Muskhelishvili-53,
	address = {{Groningen}},
	publisher = {{Noordhoff}},
	author = {Muskhelishvili, N. I.},
	title = {{Some basic problems of the mathematical theory of elasticity}},
	year = {{1953}},
}

@book{Gurtin-xx,
	address = {{Berlin}},
	publisher = {{Springer Verlag}},
	series = {{Handbuch der Physik, Bd VIa 2}},
	author = {Gurtin, M. E.},
	title = {{Linear elasticity}},
	year = {{19xx}},
}

@book{Valid-77,
	address = {{Paris}},
	publisher = {{Eyrolles}},
	author = {Valid, R.},
	title = {{La mécanique des milieux continus et le calcul des structures}},
	year = {{1977}},
}

@book{Zienkiewicz-xx,
	publisher = {{??}},
	author = {Zienkiewicz, O. C.},
	title = {{La méthode des éléments finis appliqueée à l'art de l'ingénieur}},
	year = {{19xx}},
}

@book{Dym-73,
	address = {{New York}},
	publisher = {{McGraw Hill}},
	author = {Dym C. I. and Shames, I. H.},
	title = {{Solid mechanics, a variational approach}},
	year = {{1973}},
}

@book{Duvaut-72,
	address = {{Paris}},
	publisher = {{Dunod}},
	author = {Duvaut, G. and Lions, J. L.},
	title = {{Les inéquations variationnelles en Mécanique et en Physique}},
	year = {{1972}},
}

@book{Mandel-77,
	address = {{Paris}},
	publisher = {{Eyrolles}},
	author = {Mandel, J.},
	title = {{Propriétés mécaniques des matériaux: rhéologie, plasticité}},
	year = {{1977}},
}

@book{Hill-64,
	publisher = {{Oxford University Press}},
	author = {Hill, R.},
	title = {{The mathematical theory of plasticity}},
	year = {{1964}},
}

@book{Iliouchine-56,
	address = {{Paris}},
	publisher = {{Eyrolles}},
	author = {Iliouchine, A. A.},
	title = {{Plasticité, Déformation élastoplastiques}},
	year = {{1956}},
}

@book{Jonhson-52,
	address = {{London}},
	publisher = {{Van Nostrand}},
	author = {Jonhson, W. and Mellok, P. B.},
	title = {{Plasticity for mechanical engineers}},
	year = {{1962}},
}

@book{Prager-xx,
	address = {{Paris}},
	publisher = {{Dunod}},
	author = {Prager, W.},
	title = {{Problèmes de plasticité théorique}},
	year = {{19xx}},
}

@book{Parkus-68,
	address = {{Waltham}},
	publisher = {{Blaisdell}},
	author = {Parkus, H.},
	title = {{Thermoelasticity}},
	year = {{1968}},
}

